01BGMAX               0120040525173035010331P                                   
050009912346          EUR                                                       
200003783511                    65599000000000000070000220000000000070          
25Här är betalningar från mig till dig med många med                            
25delanden                                                                      
26Kalles Plåt AB                                                                
27Storgatan 2                        12345                                      
28Storåker                                                                      
29005500001234                                                                  
200097012333                   524967000000000000080000210034000002340          
26Olles färg AB                                                                 
27Lillagatan 3                       12345                                      
28Storåker                                                                      
29005500004322                                                                  
15000000000000000000058410000010098232004052500053000000000000150000EUR00000002 
0500099123460008156086SEK                                                       
200000000000                   573949000000000000090000230000000000091          
200003783511                         000000000000010000130000000000101          
26Kalles Plåt AB                                                                
27Storgatan 2                        12345                                      
28Storåker                                                                      
29005500002222                                                                  
20000378351165896,65862,65763        000000000000060000320000000000030          
220003783511                    65896000000000000000000220000000000030          
220003783511                    65862000000000000000000220000000000030          
220003783511                    65763000000000000000000220000000000030          
26Kalles Plåt AB                                                                
27Storgatan 2                        12345                                      
28Storåker                                                                      
29005500002222                                                                  
200097012333                    65581000000000000050000220000000000080          
25Faktura65581 Kundnr1233                                                       
26Olles färg AB                                                                 
27Lillagatan 3                       12345                                      
28Storåker                                                                      
29005500004322                                                                  
15000000000000000000058410000010098232004052500054000000000000210000SEK00000004 
7000000006000000000000000300000002                                              

