01BGMAX               0120040525173035010331P                                   
050009912346          SEK                                                       
200003783511655968                   000000000000100000320000000000100          
26Kalles Plåt AB                                                                
27Storgatan 2                        12345                                      
28Storåker                                                                      
29005500001234                                                                  
210003783511                    898540000000000000500002200023000011100         
26Kalles Plåt AB                                                                
27Storgatan 2                        12345                                      
28Storåker                                                                      
29005500001234                                                                  
200003783511657866 658765 657767     000000000000140000320000000000140          
220003783511                   657866000000000000000000220000000000140          
220003783511                   658765000000000000000000220000000000140          
220003783511                   657767000000000000000000220000000000140          
220003783511                   657965000000000000000000220000000000140          
25Betalning med extra refnr 657965                                              
26Kalles Plåt AB                                                                
27Storgatan 2                        12345                                      
28Storåker                                                                      
29005500001234                                                                  
15000000000000000000058410000010098232004052500074000000000000190000SEK00000003 
050009912346          SEK                                                       
200097012333                   650861000000000000110000210000000000120          
26Olles färg AB                                                                 
27Lillagatan 3                       12345                                      
28Storåker                                                                      
29005500004322                                                                  
200001234567                         000000000000120000130000000000131          
26Berits Garn                                                                   
27Storgatan 10                       12345                                      
28Storåker                                                                      
29005500002222                                                                  
200001234567                   659763000000000000070000230000000000161          
26Berits Garn                                                                   
27Storgatan 10                       12345                                      
28Storåker                                                                      
29005500002222                                                                  
200003783511                   658260000000000000500000220000000000160          
220003783511                   658369000000000000000000220000000000160          
220003783511                   658468000000000000000000220000000000160          
25 Faktura 658369                                                               
25 Faktura 658468                                                               
26Kalles Plåt AB                                                                
27Storgatan 2                        12345                                      
28Storåker                                                                      
29005500001234                                                                  
15000000000000000000058410000010098232004052500075000000000000800000SEK00000004 
050009912346          EUR                                                       
2000970123338012577,8013575          000000000000300000320000000000180          
220097012333                  8012577000000000000000000220000000000180          
220097012333                  8013575000000000000000000220000000000180          
220097012333                  8014573000000000000000000220000000000180          
25 Faktura8014573                                                               
26Olles färg AB                                                                 
27Lillagatan 3                       12345                                      
28Storåker                                                                      
29005500004322                                                                  
200001234567                   659763000000000000100000210000000000190          
26Berits Garn                                                                   
27Storgatan 10                       12345                                      
28Storåker                                                                      
29005500002222                                                                  
15000000000000000000058410000010098232004052500076000000000000400000EUR00000002 
7000000008000000010000001000000003                                              
